@article{sdlbfgs,
author = {Xiao Wang and Shiqian Ma and Donald Goldfarb and Wei Liu},
title = {Stochastic Quasi-Newton Methods for Nonconvex Stochastic Optimization},
journal = {SIAM Journal on Optimization},
volume = {27},
number = {2},
pages = {927-956},
year = {2017},
doi = {10.1137/15M1053141},
URL = {https://doi.org/10.1137/15M1053141},
eprint = {https://doi.org/10.1137/15M1053141}
}


